@incollection{kober2012reinforcement,
  title={Reinforcement learning in robotics: A survey},
  author={Kober, Jens and Peters, Jan},
  booktitle={Reinforcement Learning},
  pages={579--610},
  year={2012},
  publisher={Springer}
}
@article{kuleshov2010algorithms,
  title={Algorithms for the multi-armed bandit problem},
  author={Kuleshov, Volodymyr and Precup, Doina},
  journal={Journal of Machine Learning},
  year={2010}
}
@book{mohri2012foundations,
  title={Foundations of machine learning},
  author={Mohri, Mehryar and Rostamizadeh, Afshin and Talwalkar, Ameet},
  year={2012}
}
@ARTICLE{bellemare12arcade,
  author = {{Bellemare}, M.~G. and {Naddaf}, Y. and {Veness}, J. and {Bowling}, M.},
  title = {The Arcade Learning Environment: An Evaluation Platform for General Agents},
  journal = {Journal of Artificial Intelligence Research},
  year = 2013,
  month = 06,
  volume = 47,
  pages = {253--279}
}
@inproceedings{hausknecht2012hyperneat,
  title={HyperNEAT-GGP: A HyperNEAT-based Atari general game player},
  author={Hausknecht, Matthew and Khandelwal, Piyush and Miikkulainen, Risto and Stone, Peter},
  booktitle={Proceedings of the fourteenth international conference on Genetic and evolutionary computation conference},
  pages={217--224},
  year={2012},
  organization={ACM}
}
@article{hinton2006fast,
  title={A fast learning algorithm for deep belief nets},
  author={Hinton, Geoffrey E and Osindero, Simon and Teh, Yee-Whye},
  journal={Neural computation},
  volume={18},
  number={7},
  pages={1527--1554},
  year={2006},
  publisher={MIT Press}
}
@article{fukushima1980neocognitron,
  title={Neocognitron: A self-organizing neural network model for a mechanism of pattern recognition unaffected by shift in position},
  author={Fukushima, Kunihiko},
  journal={Biological cybernetics},
  volume={36},
  number={4},
  pages={193--202},
  year={1980},
  publisher={Springer}
}
@article{lecun1998gradient,
  title={Gradient-based learning applied to document recognition},
  author={LeCun, Yann and Bottou, L{\'e}on and Bengio, Yoshua and Haffner, Patrick},
  journal={Proceedings of the IEEE},
  volume={86},
  number={11},
  pages={2278--2324},
  year={1998},
  publisher={IEEE}
}
@article{hinton2012deep,
  title={Deep neural networks for acoustic modeling in speech recognition: The shared views of four research groups},
  author={Hinton, Geoffrey and Deng, Li and Yu, Dong and Dahl, George E and Mohamed, Abdel-rahman and Jaitly, Navdeep and Senior, Andrew and Vanhoucke, Vincent and Nguyen, Patrick and Sainath, Tara N and others},
  journal={Signal Processing Magazine, IEEE},
  volume={29},
  number={6},
  pages={82--97},
  year={2012},
  publisher={IEEE}
}
@article{hinton1986learning,
  title={Learning and relearning in Boltzmann machines},
  author={Hinton, Geoffrey E and Sejnowski, Terrance J},
  journal={Cambridge, MA: MIT Press},
  volume={1},
  pages={282--317},
  year={1986}
}
@article{mnih2013playing,
  title={Playing Atari with Deep Reinforcement Learning},
  author={Mnih, Volodymyr and Kavukcuoglu, Koray and Silver, David and Graves, Alex and Antonoglou, Ioannis and Wierstra, Daan and Riedmiller, Martin},
  journal={arXiv preprint arXiv:1312.5602},
  year={2013}
}
@article{lenz2013deep,
  title={Deep learning for detecting robotic grasps},
  author={Lenz, Ian and Lee, Honglak and Saxena, Ashutosh},
  journal={arXiv preprint arXiv:1301.3592},
  year={2013}
}
@book{naddaf2010game,
  title={Game-independent ai agents for playing atari 2600 console games},
  author={Naddaf, Yavar},
  year={2010},
  publisher={University of Alberta}
}
@inproceedings{stanley2006exploiting,
  title={Exploiting regularity without development},
  author={Stanley, Kenneth O},
  booktitle={Proceedings of the AAAI Fall Symposium on Developmental Systems},
  pages={37},
  year={2006},
  organization={AAAI Press Menlo Park, CA}
}
@phdthesis{watkins1989learning,
  title={Learning from delayed rewards.},
  author={Watkins, Christopher John Cornish Hellaby},
  year={1989},
  school={University of Cambridge}
}
